@inproceedings{zhou2017unsupervised,
    Author = {Zhou, Tinghui and Brown, Matthew and Snavely, Noah and Lowe, David G.},
    Title = {Unsupervised Learning of Depth and Ego-Motion from Video},
    Booktitle = {CVPR},
    Year = {2017}
}

@article{ZUMID16,
  author    = {Benjamin Ummenhofer and
               Huizhong Zhou and
               Jonas Uhrig and
               Nikolaus Mayer and
               Eddy Ilg and
               Alexey Dosovitskiy and
               Thomas Brox},
  title     = {DeMoN: Depth and Motion Network for Learning Monocular Stereo},
  journal   = {CoRR},
  volume    = {abs/1612.02401},
  year      = {2016},
  url       = {http://arxiv.org/abs/1612.02401},
  archivePrefix = {arXiv},
  eprint    = {1612.02401},
  timestamp = {Wed, 07 Jun 2017 14:41:36 +0200},
  biburl    = {https://dblp.org/rec/bib/journals/corr/UmmenhoferZUMID16},
  bibsource = {dblp computer science bibliography, https://dblp.org}
}